------------------------------------------------------------------------
 
@ARTICLE{Article,
        AUTHOR =        {},
        TITLE =         {},
        JOURNAL =       {},
        Volume =        {},
        Number =        {},
        Pages =         {},
        Month =         {},
        YEAR =          {},
        Note =          {},
        summary =       {}
        }
@BOOK{Book,
        AUTHOR =        {},
        editor =        {},
        TITLE =         {},
        PUBLISHER =     {},
        YEAR =          {},
        Volume =        {},
        number =        {},
        Series =        {},
        Address =       {},
        Edition =       {},
        Month =         {},
        Note =          {},
        summary =       {}
        }
@BOOKLET{Booklet,
        TITLE =         {},
        Author =        {},
        Howpublished =  {},
        Address =       {},
        Month =         {},
        Year =          {},
        Note =          {},
        summary =       {}
        }
@INBOOK{Inbook,
        AUTHOR =        {},
        editor =        {},
        TITLE =         {},
        CHAPTER =       {},
        pages =         {},
        PUBLISHER =     {},
        YEAR =          {},
        Volume =        {},
        number =        {},
        Series =        {},
        Type =          {},
        Address =       {},
        Edition =       {},
        Month =         {},
        Note =          {},
        summary =       {}
        }
@INCOLLECTION{Incollection,
        AUTHOR =        {},
        TITLE =         {},
        BOOKTITLE =     {},
        PUBLISHER =     {},
        YEAR =          {},
        Editor =        {},
        Volume =        {},
        number =        {},
        Series =        {},
        Type =          {},
        Chapter =       {},
        Pages =         {},
        Address =       {},
        Edition =       {},
        Month =         {},
        Note =          {},
        summary =       {}
        }
@INPROCEEDINGS{Inproceedings,
        AUTHOR =        {},
        TITLE =         {},
        BOOKTITLE =     {},
        YEAR =          {},
        Editor =        {},
        Volume =        {},
        number =        {},
        Series =        {},
        Pages =         {},
        Address =       {},
        Month =         {},
        Organization =  {},
        Publisher =     {},
        Note =          {},
        summary =       {}
        }
@MANUAL{Manual,
        TITLE =         {},
        Author =        {},
        Organization =  {},
        Address =       {},
        Edition =       {},
        Month =         {},
        Year =          {},
        Note =          {},
        summary =       {}
        }
@MASTERSTHESIS{Mastersthesis,
        AUTHOR =        {},
        TITLE =         {},
        SCHOOL =        {},
        YEAR =          {},
        Type =          {},
        Address =       {},
        Month =         {},
        Note =          {},
        summary =       {}
        }
@MISC{Misc,
        Author =        {},
        Title =         {},
        Howpublished =  {},
        Month =         {},
        Year =          {},
        Note =          {},
        summary =       {}
        }
@PHDTHESIS{Phdthesis,
        AUTHOR =        {},
        TITLE =         {},
        SCHOOL =        {},
        YEAR =          {},
        Type =          {},
        Address =       {},
        Month =         {},
        Note =          {},
        summary =       {}
        }
@PROCEEDINGS{Proceedings,
        TITLE =         {},
        YEAR =          {},
        Editor =        {},
        Volume =        {},
        number =        {},
        Series =        {},
        Address =       {},
        Month =         {},
        Organization =  {},
        Publisher =     {},
        Note =          {},
        summary =       {}
        }
@TECHREPORT{Techreport,
        AUTHOR =        {},
        TITLE =         {},
        INSTITUTION =   {},
        YEAR =          {},
        Type =          {},
        Number =        {},
        Address =       {},
        Month =         {},
        Note =          {},
        summary =       {}
        }
@UNPUBLISHED{Unpublished,
        AUTHOR =        {},
        TITLE =         {},
        NOTE =          {},
        Month =         {},
        Year =          {},
        summary =       {}
        }

------------------------------------------------------------------------

@BOOK{Higham:98,
        AUTHOR =        {N.J. Higham},
        TITLE =         {Handbook of Writing for Mathematical Sciences},
        PUBLISHER =     {SIAM},
        YEAR =          {1998}
        }

@Book{Strunk:00,
  author = 	 {W. Strunk~Jr. and E.B. White},
  title = 	 {Elements of Style},
  publisher = 	 {Longman},
  year = 	 {2000},
  edition = 	 {4th}
}

@MISC{Pueschel:10,
        Author =        {M.~P\"uschel},
        Title =         {Benchmarking comments},
        Howpublished =  {online:~http://people.inf.ethz.ch/markusp/teaching/263-2300-ETH-spring11/slides/class05.pdf}
        }
        
@ARTICLE{Pothen:1990,
 author = {Pothen, Alex and Fan, Chin-Ju},
 title = {Computing the Block Triangular Form of a Sparse Matrix},
 journal = {ACM Trans. Math. Softw.},
 issue_date = {Dec. 1990},
 volume = {16},
 number = {4},
 month = dec,
 year = {1990},
 issn = {0098-3500},
 pages = {303--324},
 numpages = {22},
 url = {http://doi.acm.org/10.1145/98267.98287},
 doi = {10.1145/98267.98287},
 acmid = {98287},
 publisher = {ACM},
 address = {New York, NY, USA}
} 

@INPROCEEDINGS{Azad:2012, 
author={A. Azad and M. Halappanavar and S. Rajamanickam and E. G. Boman and A. Khan and A. Pothen}, 
booktitle={2012 IEEE 26th International Parallel and Distributed Processing Symposium}, 
title={Multithreaded Algorithms for Maximum Matching in Bipartite Graphs}, 
year={2012}, 
pages={860-872}, 
keywords={concurrency theory;graph theory;multi-threading;parallel algorithms;pattern matching;shared memory systems;tree searching;Karp-Sipser initialization algorithm;augmentation-based parallel algorithm;bipartite cardinality matching;bipartite graph;breadth first search;commodity processor market;concurrency;depth first search;multiprocessing system;multithreaded algorithm;multithreaded machine;parallel matching algorithm;serial algorithm;shared memory system;synthetic graph;Algorithm design and analysis;Arrays;Bipartite graph;Heuristic algorithms;Instruction sets;Multicore processing;Parallel algorithms;bipartite graphs;maximum cardinality matchings;multithreaded algorithm;parallel algorithm}, 
doi={10.1109/IPDPS.2012.82}, 
ISSN={1530-2075}, 
month={May},}

@INPROCEEDINGS{Azad:2015,
 author = {Azad, Ariful and Bulu√ß, Aydin and Pothen, Alex},
 title = {A Parallel Tree Grafting Algorithm for Maximum Cardinality Matching in Bipartite Graphs},
 booktitle = {Proceedings of the 2015 IEEE International Parallel and Distributed Processing Symposium},
 series = {IPDPS '15},
 year = {2015},
 isbn = {978-1-4799-8649-1},
 pages = {1075--1084},
 numpages = {10},
 url = {http://dx.doi.org/10.1109/IPDPS.2015.68},
 doi = {10.1109/IPDPS.2015.68},
 acmid = {2863936},
 publisher = {IEEE Computer Society},
 address = {Washington, DC, USA},
 keywords = {matching, cardinality matching, bipartite graph, tree grafting}
} 

@inproceedings{Ramos:2013,
  author={S. Ramos and T. Hoefler},
  title={{Modeling Communication in Cache-Coherent SMP Systems - A Case-Study with Xeon Phi}},
  year={2013},
  month={Jun.},
  pages={97--108},
  booktitle={Proceedings of the 22nd international symposium on High-performance parallel and distributed computing},
  location={New York City, NY, USA},
  publisher={ACM},
  isbn={978-1-4503-1910-2},
  source={http://www.unixer.de/~htor/publications/},
}

@misc{BoostEdmonds,
  title = {Boost Edmonds: Maximum Cardinality Matching},
  howpublished = {\url{http://www.boost.org/doc/libs/1_36_0/libs/graph/doc/maximum_matching.html}},
  note = {Accessed: 2017-01-05}
}

@article{HK:1973,
AUTHOR =        {John E. Hopcroft and Richard M. Karp},
TITLE =         {An $n^{5/2} $ Algorithm for Maximum Matchings in Bipartite Graphs },
JOURNAL =       {SIAM Journal on Computing},
Volume =        {2},
Number =        {4},
Pages =         {225-231},
Month =         {},
YEAR =          {1973},
Note =          {},
summary =       {}
}

@book{intro_alg,
  author    = {Thomas H. Cormen and
               Charles E. Leiserson and
               Ronald L. Rivest and
               Clifford Stein},
  title     = {Introduction to Algorithms {(3.} ed.)},
  publisher = {{MIT} Press},
  year      = {2009},
  url       = {http://mitpress.mit.edu/books/introduction-algorithms},
  isbn      = {978-0-262-03384-8},
  timestamp = {Wed, 31 Dec 2014 12:30:10 +0100},
  biburl    = {http://dblp.dagstuhl.de/rec/bib/books/daglib/0023376},
  bibsource = {dblp computer science bibliography, http://dblp.org}
}

@article{GoldbergT88,
  author    = {Andrew V. Goldberg and
               Robert Endre Tarjan},
  title     = {A new approach to the maximum-flow problem},
  journal   = {J. {ACM}},
  volume    = {35},
  number    = {4},
  pages     = {921--940},
  year      = {1988},
  url       = {http://doi.acm.org/10.1145/48014.61051},
  doi       = {10.1145/48014.61051},
  timestamp = {Thu, 26 Jan 2012 17:31:32 +0100},
  biburl    = {http://dblp.dagstuhl.de/rec/bib/journals/jacm/GoldbergT88},
  bibsource = {dblp computer science bibliography, http://dblp.org}
}

@article{Bertsekas,
 author = {Bertsekas, D. P.},
 title = {The Auction Algorithm: A Distributed Relaxation Method for the Assignment Problem},
 journal = {Ann. Oper. Res.},
 issue_date = {June 1988},
 volume = {14},
 number = {1-4},
 month = jun,
 year = {1988},
 issn = {0254-5330},
 pages = {105--123},
 numpages = {19},
 url = {http://dx.doi.org/10.1007/BF02186476},
 doi = {10.1007/BF02186476},
 acmid = {54412},
 publisher = {J. C. Baltzer AG, Science Publishers},
 address = {Red Bank, NJ, USA}
} 


@inproceedings{KarpS81,
  author    = {Richard M. Karp and
               Michael Sipser},
  title     = {Maximum Matchings in Sparse Random Graphs},
  booktitle = {22nd Annual Symposium on Foundations of Computer Science, Nashville,
               Tennessee, USA, 28-30 October 1981},
  pages     = {364--375},
  year      = {1981},
  url       = {http://dx.doi.org/10.1109/SFCS.1981.21},
  doi       = {10.1109/SFCS.1981.21},
  timestamp = {Tue, 16 Dec 2014 09:57:20 +0100},
  biburl    = {http://dblp.uni-trier.de/rec/bib/conf/focs/KarpS81},
  bibsource = {dblp computer science bibliography, http://dblp.org}
}

@misc{XeonPhi,
  title = {Intel¬Æ Xeon Phi‚Ñ¢ Coprocessor: Software Developers Guide},
  howpublished = {\url{https://www-ssl.intel.com/content/www/us/en/processors/xeon/xeon-phi-coprocessor-system-software-developers-guide.html}},
  note = {Accessed: 2017-01-20}
}

